% Included papers
@inproceedings{barker2012smartcap,
  title={Smartcap: Flattening peak electricity demand in smart homes},
  author={Barker, Sean and Mishra, Aditya and Irwin, David and Shenoy, Prashant and Albrecht, Jeannie},
  booktitle={Pervasive Computing and Communications (PerCom), 2012 IEEE International Conference on},
  pages={67--75},
  year={2012},
  organization={IEEE}
}

@article{johnson2011energy,
  title={Energy peak shaving with local storage},
  author={Johnson, Matthew P and Bar-Noy, Amotz and Liu, Ou and Feng, Yi},
  journal={Sustainable Computing: Informatics and Systems},
  volume={1},
  number={3},
  pages={177--188},
  year={2011},
  publisher={Elsevier}
}

@article{clement2010impact,
  title={The impact of charging plug-in hybrid electric vehicles on a residential distribution grid},
  author={Clement-Nyns, Kristien and Haesen, Edwin and Driesen, Johan},
  journal={Power Systems, IEEE Transactions on},
  volume={25},
  number={1},
  pages={371--380},
  year={2010},
  publisher={IEEE}
}

@article{root2003fingerprints,
  title={Fingerprints of global warming on wild animals and plants},
  author={Root, Terry L and Price, Jeff T and Hall, Kimberly R and Schneider, Stephen H and Rosenzweig, Cynthia and Pounds, J Alan},
  journal={Nature},
  volume={421},
  number={6918},
  pages={57--60},
  year={2003},
  publisher={Nature Publishing Group}
}

@inproceedings{georgiadis2013greedy,
  title={A greedy algorithm for the unforecasted energy dispatch problem with storage in smart grids},
  author={Georgiadis, Georgios and Papatriantafilou, Marina},
  booktitle={Proceedings of the fourth international conference on Future energy systems},
  pages={273--274},
  year={2013},
  organization={ACM}
}

@ARTICLE{gaing, 
author={Zwe-Lee Gaing}, 
journal={Power Systems, IEEE Transactions on}, 
title={Particle swarm optimization to solving the economic dispatch considering the generator constraints}, 
year={2003}, 
month={Aug}, 
volume={18}, 
number={3}, 
pages={1187-1195}, 
}

http://www.nrdc.org/globalwarming/

@ONLINE{samsungww9000,
author = {Samsung},
title = {WW9000 10kg ecobubbleâ„¢ Touchscreen Washing Machine. {@ONLINE}},
year = {2014},
url = {http://www.samsung.com/uk/consumer/home-appliances/laundry/washing-machines/WW10H9600EX/EU?subsubtype=eco-bubble-vrttm}
}


@ONLINE{hadaraplugwise,
author = {Sven Petai (hadara)},
title = {python-plugwise. {@ONLINE}},
year = {2011},
url = {https://bitbucket.org/hadara/python-plugwise/wiki/Home}
}

@ONLINE{eon,
author = {EON.SE},
title = {EON - 100KOLL. {@ONLINE}},
year = {2014},
url = {http://www.eon.se/100koll/}
}

@ONLINE{plugwise2014,
author = {Plugwise},
title = {Energy management systems of the 21st century | Plugwise. {@ONLINE}},
year = {2014},
url = {https://www.plugwise.com/}
}

@ONLINE{WNA,
author = {World Nuclear Association},
title = {Nuclear Power in Sweden. {@ONLINE}},
year = {2014},
url = {http://www.world-nuclear.org/info/Country-Profiles/Countries-O-S/Sweden/}
}

@ONLINE{svenskenergi,
author = {Svensk Energi},
title = {Electricity production with good climatic values. {@ONLINE}},
year = {2014},
url = {http://www.svenskenergi.se/Elfakta/Elproduktion/}
}

